% This file was created with JabRef 2.10b2.
% Encoding: UTF-8


@Article{Drew:2003,
  Title                    = {Multispectral processing without spectra},
  Author                   = {Mark S. Drew and Graham D. Finlayson},
  Journal                  = {J. Opt. Soc. Am. A},
  Year                     = {2003},

  Month                    = {Jul},
  Number                   = {7},
  Pages                    = {1181--1193},
  Volume                   = {20},

  Doi                      = {10.1364/JOSAA.20.001181},
  Keywords                 = {Illumination; Color},
  Publisher                = {OSA},
  Url                      = {http://josaa.osa.org/abstract.cfm?URI=josaa-20-7-1181}
}

@Article{Hong:2007,
  Title                    = {Wrinkled Flames and Cellular Patterns},
  Author                   = {Hong, Jeong-Mo and Shinar, Tamar and Fedkiw, Ronald},
  Journal                  = {ACM Trans. Graph.},
  Year                     = {2007},

  Month                    = jul,
  Number                   = {3},
  Volume                   = {26},

  Acmid                    = {1276436},
  Address                  = {New York, NY, USA},
  Articleno                = {47},
  Doi                      = {10.1145/1276377.1276436},
  ISSN                     = {0730-0301},
  Issue_date               = {July 2007},
  Keywords                 = {cellular patterns, combustion, fire, flame},
  Publisher                = {ACM},
  Url                      = {http://doi.acm.org/10.1145/1276377.1276436}
}

@Article{Jamriska:2015,
  Title                    = {LazyFluids: Appearance Transfer for Fluid Animations},
  Author                   = {Ond\v{r}ej Jamri\v{s}ka and Jakub Fi\v{s}er and Paul Asente and Jingwan Lu and Eli Shechtman and Daniel S\'{y}kora},
  Journal                  = {ACM Transactions on Graphics},
  Year                     = {2015},
  Number                   = {4},
  Volume                   = {34},

  Articleno                = {92},
  Owner                    = {gdp24},
  Timestamp                = {2015.09.16}
}

@Article{Okabe:2015,
  Title                    = {Fluid Volume Modeling from Sparse Multi-view Images by Appearance Transfer},
  Author                   = {Makoto Okabe and Yoshinori Dobashi and Ken Anjyo and Rikio Onai},
  Journal                  = {ACM Transactions on Graphics (Proc. SIGGRAPH 2015)},
  Year                     = {2015},
  Number                   = {4},
  Pages                    = {93:1--93:10},
  Volume                   = {34},

  Owner                    = {gdp24},
  Timestamp                = {2015.09.16}
}

@Article{Pegoraro:2006,
  Title                    = {Physically-based realistic fire rendering},
  Author                   = {Pegoraro, Vincent and Parker, Steven G.},
  Journal                  = {Natural Phenomena},
  Year                     = {2006},
  Pages                    = {51--59},

  File                     = {:home/gdp24/Documents/Mendeley/Pegoraro, Parker/Pegoraro, Parker - 2006 - Physically-based realistic fire rendering.pdf:pdf},
  ISBN                     = {9783905673388},
  ISSN                     = {18160867}
}

@Book{Pharr:2004,
  Title                    = {Physically based rendering: From theory to implementation},
  Author                   = {Pharr, Matt and Humphreys, Greg},
  Publisher                = {Morgan Kaufmann},
  Year                     = {2004}
}

@Article{Smits:1999,
  Title                    = {An RGB-to-Spectrum Conversion for Reflectances},
  Author                   = {Brian Smits},
  Journal                  = {Journal of Graphics Tools},
  Year                     = {1999},
  Number                   = {4},
  Pages                    = {11-22},
  Volume                   = {4},

  Doi                      = {10.1080/10867651.1999.10487511},
  Eprint                   = { http://dx.doi.org/10.1080/10867651.1999.10487511 },
  Url                      = { http://dx.doi.org/10.1080/10867651.1999.10487511 }
}

@Article{Sun2001,
  Title                    = {A spectrally based framework for realistic image synthesis},
  Author                   = {Sun, Yinlong and Fracchia, F. David and Drew, Mark S. and Calvert, Thomas W.},
  Journal                  = {The Visual Computer},
  Year                     = {2001},
  Number                   = {7},
  Pages                    = {429-444},
  Volume                   = {17},

  Doi                      = {10.1007/s003710100116},
  ISSN                     = {0178-2789},
  Keywords                 = {Key words: Realistic image synthesis – Spectral model – Spectral rendering – Optical phenomena – Error evaluation},
  Language                 = {English},
  Publisher                = {Springer-Verlag},
  Url                      = {http://dx.doi.org/10.1007/s003710100116}
}

