@Article{Pegoraro:2006,
  Title                    = {{Physically-based realistic fire rendering}},
  Author                   = {Pegoraro, Vincent and Parker, Steven G.},
  Journal                  = {Natural Phenomena},
  Year                     = {2006},
  Pages                    = {51--59},

  File                     = {:home/gdp24/Documents/Mendeley/Pegoraro, Parker/Pegoraro, Parker - 2006 - Physically-based realistic fire rendering.pdf:pdf},
  ISBN                     = {9783905673388},
  ISSN                     = {18160867},
}

@article{Reeves:1983,
 author = {Reeves, W. T.},
 title = {{Particle Systems - a Technique for Modeling a Class of Fuzzy Objects}},
 journal = {ACM Trans. Graph.},
 issue_date = {April 1983},
 volume = {2},
 number = {2},
 month = apr,
 year = {1983},
 issn = {0730-0301},
 pages = {91--108},
 numpages = {18},
 url = {http://doi.acm.org/10.1145/357318.357320},
 doi = {10.1145/357318.357320},
 acmid = {357320},
 publisher = {ACM},
 address = {New York, NY, USA},
} 

@article{Lamorlette:2002,
 author = {Lamorlette, Arnauld and Foster, Nick},
 title = {Structural Modeling of Flames for a Production Environment},
 journal = {ACM Trans. Graph.},
 issue_date = {July 2002},
 volume = {21},
 number = {3},
 month = jul,
 year = {2002},
 issn = {0730-0301},
 pages = {729--735},
 numpages = {7},
 url = {http://doi.acm.org/10.1145/566654.566644},
 doi = {10.1145/566654.566644},
 acmid = {566644},
 publisher = {ACM},
 address = {New York, NY, USA},
 keywords = {animation systems, convection, fire, flames, kolmogorov spectrum, physically-based modeling, wind fields},
} 

@article{Horvath:2009,
 author = {Horvath, Christopher and Geiger, Willi},
 title = {Directable, High-resolution Simulation of Fire on the GPU},
 journal = {ACM Trans. Graph.},
 issue_date = {August 2009},
 volume = {28},
 number = {3},
 month = jul,
 year = {2009},
 issn = {0730-0301},
 pages = {41:1--41:8},
 articleno = {41},
 numpages = {8},
 url = {http://doi.acm.org/10.1145/1531326.1531347},
 doi = {10.1145/1531326.1531347},
 acmid = {1531347},
 publisher = {ACM},
 address = {New York, NY, USA},
 keywords = {GPU, fire, particles, simulation},
} 
