@article{Dobashi:2012,
 author = {Dobashi, Yoshinori and Iwasaki, Wataru and Ono, Ayumi and Yamamoto, Tsuyoshi and Yue, Yonghao and Nishita, Tomoyuki},
 title = {An Inverse Problem Approach for Automatically Adjusting the Parameters for Rendering Clouds Using Photographs},
 journal = {ACM Trans. Graph.},
 issue_date = {November 2012},
 volume = {31},
 number = {6},
 month = nov,
 year = {2012},
 issn = {0730-0301},
 pages = {145:1--145:10},
 articleno = {145},
 numpages = {10},
 url = {http://doi.acm.org/10.1145/2366145.2366164},
 doi = {10.1145/2366145.2366164},
 acmid = {2366164},
 publisher = {ACM},
 address = {New York, NY, USA},
 keywords = {clouds, inverse problem, rendering parameters},
} 

@Article{Lamorlette:2002,
 author = {Lamorlette, Arnauld and Foster, Nick},
 title = {Structural Modeling of Flames for a Production Environment},
 journal = {ACM Trans. Graph.},
 issue_date = {July 2002},
 volume = {21},
 number = {3},
 month = jul,
 year = {2002},
 issn = {0730-0301},
 pages = {729--735},
 numpages = {7},
 url = {http://doi.acm.org/10.1145/566654.566644},
 doi = {10.1145/566654.566644},
 acmid = {566644},
 publisher = {ACM},
 address = {New York, NY, USA},
 keywords = {animation systems, convection, fire, flames, kolmogorov spectrum, physically-based modeling, wind fields},
} 


@Article{Reeves:1983,
 author = {Reeves, W. T.},
 title = {Particle Systems\&Mdash;a Technique for Modeling a Class of Fuzzy Objects},
 journal = {ACM Trans. Graph.},
 issue_date = {April 1983},
 volume = {2},
 number = {2},
 month = apr,
 year = {1983},
 issn = {0730-0301},
 pages = {91--108},
 numpages = {18},
 url = {http://doi.acm.org/10.1145/357318.357320},
 doi = {10.1145/357318.357320},
 acmid = {357320},
 publisher = {ACM},
 address = {New York, NY, USA},
} 

@inproceedings{Pegoraro:2006,
 author = {Pegoraro, Vincent and Parker, Steven G.},
 title = {Physically-based Realistic Fire Rendering},
 booktitle = {Proceedings of the Second Eurographics Conference on Natural Phenomena},
 series = {NPH'06},
 year = {2006},
 isbn = {3-905673-38-X},
 pages = {51--59},
 numpages = {9},
 url = {http://dx.doi.org/10.2312/NPH/NPH06/051-059},
 doi = {10.2312/NPH/NPH06/051-059},
 acmid = {2381379},
 publisher = {Eurographics Association},
}

@Article{Rushmeier:1995,
 author={Rushmeier, H. and Hamins, A. and Mun Young Choi},
 journal={Computer Graphics and Applications, IEEE},
 title={Volume rendering of pool fire data},
 year={1995},
 volume={15},
 number={4},
 pages={62-67},
 keywords={chemical engineering computing;data visualisation;fires;fuel;health hazards;radiative transfer;ray tracing;rendering (computer graphics);burning;case study;data visualization techniques;hazard control;ignited puddle;imaging tools;irradiation-efficient ray casting;liquid fuel;pool fire data;radiative transfer;radiometrically accurate line integrations;spilled fuels;volume rendering;Atmosphere;Casting;Computational modeling;Data visualization;Fires;Fuels;Optical filters;Optical surface waves;Probes;Radiometry},
 doi={10.1109/38.391493},
 ISSN={0272-1716},
 month={Jul}
}

Article{Jensen:2002,
 author = {Jensen, Henrik Wann and Buhler, Juan},
 title = {A Rapid Hierarchical Rendering Technique for Translucent Materials},
 journal = {ACM Trans. Graph.},
 issue_date = {July 2002},
 volume = {21},
 number = {3},
 month = jul,
 year = {2002},
 issn = {0730-0301},
 pages = {576--581},
 numpages = {6},
 url = {http://doi.acm.org/10.1145/566654.566619},
 doi = {10.1145/566654.566619},
 acmid = {566619},
 publisher = {ACM},
 address = {New York, NY, USA},
 keywords = {BSSRDF, diffusion theory, global illumination, light transport, realistic image synthesis, reflection models, subsurface scattering},
} 

InProceedings{Lokovic:2000,
 author = {Lokovic, Tom and Veach, Eric},
 title = {Deep Shadow Maps},
 booktitle = {Proceedings of the 27th Annual Conference on Computer Graphics and Interactive Techniques},
 series = {SIGGRAPH '00},
 year = {2000},
 isbn = {1-58113-208-5},
 pages = {385--392},
 numpages = {8},
 url = {http://dx.doi.org/10.1145/344779.344958},
 doi = {10.1145/344779.344958},
 acmid = {344958},
 publisher = {ACM Press/Addison-Wesley Publishing Co.},
} 

@Article{Nguyen:2002,
 author = {Nguyen, Duc Quang and Fedkiw, Ronald and Jensen, Henrik Wann},
 title = {Physically Based Modeling and Animation of Fire},
 journal = {ACM Trans. Graph.},
 issue_date = {July 2002},
 volume = {21},
 number = {3},
 month = jul,
 year = {2002},
 issn = {0730-0301},
 pages = {721--728},
 numpages = {8},
 url = {http://doi.acm.org/10.1145/566654.566643},
 doi = {10.1145/566654.566643},
 acmid = {566643},
 publisher = {ACM},
 address = {New York, NY, USA},
 keywords = {blackbody radiation, chemical reaction, fire, flames, implicit surface, incompressible flow, smoke, stable fluids, vorticity confinement},
} 

@Article{Feldman:2003,
 author = {Feldman, Bryan E. and O'Brien, James F. and Arikan, Okan},
 title = {Animating Suspended Particle Explosions},
 journal = {ACM Trans. Graph.},
 issue_date = {July 2003},
 volume = {22},
 number = {3},
 month = jul,
 year = {2003},
 issn = {0730-0301},
 pages = {708--715},
 numpages = {8},
 url = {http://doi.acm.org/10.1145/882262.882336},
 doi = {10.1145/882262.882336},
 acmid = {882336},
 publisher = {ACM},
 address = {New York, NY, USA},
 keywords = {combustion, computational fluid dynamics, explosions, fire, natural phenomena, physically based animation},
} 

@Book{Howell:2002,
  Title                    = {Thermal radiation heat transfer},
  Author                   = {Howell, John and Siegel, Robert},
  Editor                   = {Robert H. Bedford},
  Publisher                = {CRC press},
  Year                     = {2002}
}

@Article{Horvath:2009,
 author = {Horvath, Christopher and Geiger, Willi},
 title = {Directable, High-resolution Simulation of Fire on the GPU},
 journal = {ACM Trans. Graph.},
 issue_date = {August 2009},
 volume = {28},
 number = {3},
 month = jul,
 year = {2009},
 issn = {0730-0301},
 pages = {41:1--41:8},
 articleno = {41},
 numpages = {8},
 url = {http://doi.acm.org/10.1145/1531326.1531347},
 doi = {10.1145/1531326.1531347},
 acmid = {1531347},
 publisher = {ACM},
 address = {New York, NY, USA},
 keywords = {GPU, fire, particles, simulation},
} 

@Article{Huang:2014,
 author = {Huang, Zhanpeng and Gong, Guanghong and Han, Liang},
 title = {Physically-based Modeling, Simulation and Rendering of Fire for Computer Animation},
 journal = {Multimedia Tools Appl.},
 issue_date = {August    2014},
 volume = {71},
 number = {3},
 month = aug,
 year = {2014},
 issn = {1380-7501},
 pages = {1283--1309},
 numpages = {27},
 url = {http://dx.doi.org/10.1007/s11042-012-1273-z},
 doi = {10.1007/s11042-012-1273-z},
 acmid = {2645538},
 publisher = {Kluwer Academic Publishers},
 address = {Hingham, MA, USA},
 keywords = {Blackbody radiation, Chemical reaction, Fire, Navier---Stokes equations, Physically-based simulation, Visual adaption},
} 


@InProceedings{Bridault:2006,
  Title                    = {Enhanced Illumination of Reconstructed Dynamic Environments Using a Real-time Flame Model},
  Author                   = {Bridault-Louchez, Flavien and Leblond, Michel and Rousselle, Fran\c{c}ois},
  Booktitle                = {Proceedings of the 4th International Conference on Computer Graphics, Virtual Reality, Visualisation and Interaction in Africa},
  Year                     = {2006},

  Pages                    = {31--40},
  Publisher                = {ACM},
  Series                   = {AFRIGRAPH '06},

  Acmid                    = {1108596},
  Doi                      = {10.1145/1108590.1108596},
  ISBN                     = {1-59593-288-7},
  Keywords                 = {flames, real-time animation, real-time rendering},
  Numpages                 = {10},
  Url                      = {http://doi.acm.org/10.1145/1108590.1108596}
}

@InProceedings{Zhang:2011,
  Title                    = {Graph-based Fire Synthesis},
  Author                   = {Zhang, Yubo and Correa, Carlos D. and Ma, Kwan-Liu},
  Booktitle                = {Proceedings of the 2011 ACM SIGGRAPH/Eurographics Symposium on Computer Animation},
  Year                     = {2011},

  Pages                    = {187--194},
  Publisher                = {ACM},
  Series                   = {SCA '11},

  Acmid                    = {2019431},
  Doi                      = {10.1145/2019406.2019431},
  ISBN                     = {978-1-4503-0923-3},
  Numpages                 = {8},
  Url                      = {http://doi.acm.org/10.1145/2019406.2019431}
}

@article{Jamriska:2015,
 author = {Jamri\v{s}ka, Ond\v{r}ej and Fi\v{s}er, Jakub and Asente, Paul and Lu, Jingwan and Shechtman, Eli and S\'{y}kora, Daniel},
 title = {LazyFluids: Appearance Transfer for Fluid Animations},
 journal = {ACM Trans. Graph.},
 issue_date = {August 2015},
 volume = {34},
 number = {4},
 month = jul,
 year = {2015},
 issn = {0730-0301},
 pages = {92:1--92:10},
 articleno = {92},
 numpages = {10},
 url = {http://doi.acm.org/10.1145/2766983},
 doi = {10.1145/2766983},
 acmid = {2766983},
 publisher = {ACM},
 address = {New York, NY, USA},
 keywords = {coherency, example-based, flow-guided, fluid simulation, temporal, texture synthesis},
} 

misc{ceres-solver,
  author = "Sameer Agarwal and Keir Mierle and Others",
  title = "Ceres Solver",
  howpublished = "\url{https://code.google.com/p/ceres-solver/}",
}

book{parke:1996:CFA,
  author = "Frederic I. Parke and Keith Waters",
  title = "Computer Facial Animation",
  year = 1996,
  publisher = "A. K. Peters",
}

mastersthesis{yee:2000:SSA,
  author = "Yang Li Hector Yee",
  title = "Spatiotemporal sensistivity and visual attention for efficient rendering of dynamic environments",
  school = "Cornell University",
  year = 2000,
}

phdthesis{kartch:2000:ERA,
  author = "Daniel Kartch",
  title = "Efficient Rendering and Compression for Full-Parallax Computer-Generated Holographic Stereograms",
  school = "Cornell University",
  year = 2000,
}

